@misc{ wiki:BoochMethod,
  author = "Wikipedia",
  title = "Booch method --- {W}ikipedia{,} The Free Encyclopedia",
  year = "2015",
  url = "https://en.wikipedia.org/wiki/Booch_method",
  note = "[Online; accessed 10-Feb-2017]"
},
@misc{ wiki:SoftwareVersioning,
  author = "Wikipedia",
  title = "Software versioning --- {W}ikipedia{,} The Free Encyclopedia",
  year = "2017",
  url = "https://en.wikipedia.org/wiki/Software_versioning",
  note = "[Online; accessed 18-Feb-2017]"
},
@misc{ wiki:VersionControl,
  author = "Wikipedia",
  title = "Version control --- {W}ikipedia{,} The Free Encyclopedia",
  year = "2017",
  url = "https://en.wikipedia.org/wiki/Version_control",
  note = "[Online; accessed 18-Feb-2017]"
},
@misc{ versioningWorkflows,
  author = "Atlassian",
  title = "Comparing Workflows",
  year = "2016",
  url = "https://www.atlassian.com/git/tutorials/comparing-workflows",
  note = "[Online; accessed 15-March-2017]"
},
@misc{ xcodebuild,
  author = "Apple",
  title = "xcodebuild",
  year = "2013",
  url = "https://developer.apple.com/legacy/library/documentation/Darwin/Reference/ManPages/man1/xcodebuild.1.html",
  note = "[Online; accessed 16-March-2017]"
},
@misc{ xcpretty,
author = "supermarin",
title = "xcpretty",
year = "2017",
url = "https://github.com/supermarin/xcpretty",
note = "[Online; accessed 22-March-2017]"
},
@misc{ wiki:SoftwareTesting,
author = "Wikipedia",
title = "Software testing --- {W}ikipedia{,} The Free Encyclopedia",
year = "2017",
url = "https://en.wikipedia.org/wiki/Software_testing",
note = "[Online; accessed 23-Apr-2017]"
},
@misc{ wiki:CodeCoverage,
author = "Wikipedia",
title = "Code Coverage --- {W}ikipedia{,} The Free Encyclopedia",
year = "2017",
url = "https://en.wikipedia.org/wiki/Code_coverage",
note = "[Online; accessed 23-Apr-2017]"
},
@misc{ SwiftLint,
author = "realm",
title = "SwiftLint",
year = "2017",
url = "https://github.com/realm/SwiftLint",
note = "[Online; accessed 24-Apr-2017]"
},
@misc{ wiki:ContinuousDelivery,
author = "Wikipedia",
title = "Continuous delivery --- {W}ikipedia{,} The Free Encyclopedia",
year = "2017",
url = "https://en.wikipedia.org/wiki/Continuous_delivery",
note = "[Online; accessed 28-Apr-2017]"
},
@misc{ fastlane,
author = "Open source",
title = "fastlane",
year = "2017",
url = "https://github.com/fastlane/fastlane/tree/master/fastlane",
note = "[Online; accessed 29-Apr-2017]"
},
@misc{ fastlane:gym,
author = "Open source",
title = "gym",
year = "2017",
url = "https://github.com/fastlane/fastlane/tree/master/gym",
note = "[Online; accessed 1-May-2017]"
},
@misc{ fastlane:scan,
author = "Open source",
title = "scan",
year = "2017",
url = "https://github.com/fastlane/fastlane/tree/master/scan",
note = "[Online; accessed 1-May-2017]"
},
@misc{ codesigning,
author = "Apple",
title = "Code signing",
year = "2017",
url = "https://developer.apple.com/support/code-signing/",
note = "[Online; accessed 1-May-2017]"
},
@misc{ codesigningguide,
author = "Open source",
title = "Fastlane code signing",
year = "2017",
url = "https://codesigning.guide/",
note = "[Online; accessed 1-May-2017]"
},
@misc{ fastlane:match,
author = "Open source",
title = "match",
year = "2017",
url = "https://github.com/fastlane/fastlane/tree/master/match",
note = "[Online; accessed 1-May-2017]"
},
@misc{ fastlane:deliver,
author = "Open source",
title = "deliver",
year = "2017",
url = "https://github.com/fastlane/fastlane/tree/master/deliver",
note = "[Online; accessed 3-May-2017]"
},
@misc{ cd:whats_the_diff,
author = "Carl Caum",
title = "What's the Diff",
year = "2013",
url = "https://puppet.com/blog/continuous-delivery-vs-continuous-deployment-what-s-diff",
note = "[Online; accessed 20-May-2017]"
},
@misc{ intercom:cd,
author = "Intercom",
title = "Why continuous deployment just keeps on giving",
year = "2015",
url = "https://blog.intercom.com/why-continuous-deployment-just-keeps-on-giving/",
note = "[Online; accessed 20-May-2017]"
},
@misc{ homebrew,
author = "Open source",
title = "Homebrew",
year = "2017",
url = "https://brew.sh/",
note = "[Online; accessed 11-Jun-2017]"
},
@misc{ ruby,
author = "Open source",
title = "Ruby",
year = "2017",
url = "https://www.ruby-lang.org/en/",
note = "[Online; accessed 11-Jun-2017]"
}

